<?xml version="1.0" encoding="UTF-8"?><record xmlns="http://www.loc.gov/MARC21/slim" xmlns:cinclude="http://apache.org/cocoon/include/1.0" xmlns:zs="http://www.loc.gov/zing/srw/">
  <leader>00416cz  a2200121n  4500</leader>
  <controlfield tag="001">n  89617256 </controlfield>
  <controlfield tag="003">DLC</controlfield>
  <controlfield tag="005">19891116150237.5</controlfield>
  <controlfield tag="008">890323n| acannaab|          |n aad |||  </controlfield>
  <datafield tag="010" ind1=" " ind2=" ">
    <subfield code="a">n  89617256 </subfield>
  </datafield>
  <datafield tag="040" ind1=" " ind2=" ">
    <subfield code="a">DLC</subfield>
    <subfield code="c">DLC</subfield>
    <subfield code="d">DLC</subfield>
  </datafield>
  <datafield tag="100" ind1="1" ind2="0">
    <subfield code="a">Costa, Aloysius Maria,</subfield>
    <subfield code="d">1899-1972</subfield>
  </datafield>
  <datafield tag="670" ind1=" " ind2=" ">
    <subfield code="a">nuc89-1664: His Christ's one sacrifice in ... [MI] 1927</subfield>
    <subfield code="b">(hdg. on NStBU rept.: Costa, Aloysius Maria, 1899-1972; usage: Aloysius Maria Costa)</subfield>
  </datafield>
</record>